@misc{byuacm2022,
  title={BYU's Annual YHack},
  author={BYU ACM},
  year={2022},
  note={\url{https://www.instagram.com/p/CakqQuEPi_o/} [Accessed: 2024-11-30]}
}

@misc{cybersecurity,
  title={BYU CS Capstone Celebration},
  author={BYU CS},
  year={2024},
  note={\url{https://www.instagram.com/p/C5TfPi1RAS6/} [Accessed: 2024-11-30]}
}

@article{kim2024llm,
  title={{LLM Network Intrusion Detection System}},
  author={Kim, Taeyang and Frazer, Bronze and Peterson, Isaac and Tingey, Damon and Holt, Ryan and Reed, Mike},
  journal={Natural Language Processing},
  year={2024},
  month={November},
  note={Submitted; Document ID: NLP-2024-0235},
}

@misc{pattern,
  title={Pattern Employee of the Year},
  author={Pattern Inc.},
  year={2024},
  note={\url{https://www.youtube.com/watch?v=uIf8cLC_Hds&list=LL&index=6&t=970s} [Accessed: 2024-11-30]}
}

@misc{raspberrypi,
  title={BYU Raspberry Pi Competition},
  author={BYU ITCSA},
  year={2023},
  note={\url{https://picontest.byu.edu/} [Accessed: 2024-11-30]}
}

@article{health,
  title={2023 Companion Infographic Report: Results from the 2021, 2022, and 2023 National Surveys on Drug Use and Health},
  author={{Substance Abuse and Mental Health Services Administration}},
  journal={Substance Abuse and Mental Health Services Administration Reports},
  year={2024},
  volume={25},
  number={1},
  pages={8-13},
  url={https://www.samhsa.gov/data/sites/default/files/reports/rpt47096/2023-nsduh-companion-report.pdf},
  urldate={2024-11-30}
}

@misc{depression,
  title={Depressive disorder (depression)},
  author={World Health Organization},
  year={2023},
  note={\url{https://www.who.int/news-room/fact-sheets/detail/depression} [Accessed: 2024-11-30]}
}

@misc{diyiyang,
  title={Diyi Yang on language, computers, and societal impact},
  author={Taylor Kubota},
  journal={Stanford Report},
  year={2024},
  note={\url{https://news.stanford.edu/stories/2024/11/diyi-yang-on-language-computers-and-societal-impact} [Accessed: 2024-11-30]},
}

@inproceedings{grannen2024vocal,
 title={Vocal Sandbox: Continual Learning and Adaptation for Situated Human-Robot Collaboration},
 author={Grannen, Jennifer and Karamcheti, Siddharth and Mirchandani, Suvir and Liang, Percy and Sadigh, Dorsa},
 booktitle={Proceedings of the 8th Conference on Robot Learning (CoRL), November 2024},
 year={2024}
}

@inproceedings{srinivasan2024dexmots,
  author       = {Krishnan Srinivasan and Jeremy A. Collins and Eric Heiden and Ian Ng and Jeannette Bohg and Animesh Garg},
  title        = {DexMOTS: Dexterous Manipulation with Differentiable Simulation},
  booktitle    = {International Symposium of Robotics Research (ISRR)},
  year         = {2024},
  month        = dec,
}